@misc{redynis-svc,
  title = {Redynis Service},
  author={John, Vineet},
  howpublished = {\url{https://github.com/Redynis/RedynisService}}
}

@misc{redynis-daemon,
  title = {Redynis Daemon},
  author={John, Vineet},
  howpublished = {\url{https://github.com/Redynis/RedynisDaemon}}
}

@inproceedings{asad2016adaptcache,
  title={AdaptCache: Adaptive Data Partitioning and Migration for Distributed Object Caches},
  author={Asad, Omar and Kemme, Bettina},
  booktitle={Proceedings of the 17th International Middleware Conference},
  pages={7},
  year={2016},
  organization={ACM}
}

@article{curino2010schism,
  title={Schism: a workload-driven approach to database replication and partitioning},
  author={Curino, Carlo and Jones, Evan and Zhang, Yang and Madden, Sam},
  journal={Proceedings of the VLDB Endowment},
  volume={3},
  number={1-2},
  pages={48--57},
  year={2010},
  publisher={VLDB Endowment}
}

@article{taft2014store,
  title={E-store: Fine-grained elastic partitioning for distributed transaction processing systems},
  author={Taft, Rebecca and Mansour, Essam and Serafini, Marco and Duggan, Jennie and Elmore, Aaron J and Aboulnaga, Ashraf and Pavlo, Andrew and Stonebraker, Michael},
  journal={Proceedings of the VLDB Endowment},
  volume={8},
  number={3},
  pages={245--256},
  year={2014},
  publisher={VLDB Endowment}
}

@inproceedings{quamar2013sword,
  title={SWORD: scalable workload-aware data placement for transactional workloads},
  author={Quamar, Abdul and Kumar, K Ashwin and Deshpande, Amol},
  booktitle={Proceedings of the 16th International Conference on Extending Database Technology},
  pages={430--441},
  year={2013},
  organization={ACM}
}

@misc{latency-stats,
  title = {IP Latency Statistics},
  howpublished = {\url{http://www.verizonenterprise.com/about/network/latency}}
}

@misc{redis-website,
  title = {Redis},
  howpublished = {\url{http://redis.io}}
}

@misc{jedis-website,
  title = {Jedis},
  howpublished = {\url{https://github.com/xetorthio/jedis}}
}

@misc{tomcat-website,
  title = {Apache Tomcat},
  howpublished = {\url{http://tomcat.apache.org}}
}
